@article{10.1109/TPAMI.2008.132,
author = {Saxena, Ashutosh and Sun, Min and Ng, Andrew Y.},
title = {Make3D: Learning 3D Scene Structure from a Single Still Image},
year = {2009},
issue_date = {May 2009},
publisher = {IEEE Computer Society},
address = {USA},
volume = {31},
number = {5},
issn = {0162-8828},
url = {https://doi.org/10.1109/TPAMI.2008.132},
doi = {10.1109/TPAMI.2008.132},
journal = {IEEE Trans. Pattern Anal. Mach. Intell.},
month = may,
pages = {824–840},
numpages = {17},
keywords = {Virtual reality, Machine learning, Scene Analysis, Vision and Scene Understanding, depth cues., Statistical, Computer vision, learning depth, monocular vision, Depth cues, vision and scene understanding, Image-based rendering, scene analysis}
}

@article{Hming2010TheSR,
  title={The structure-from-motion reconstruction pipeline - a survey with focus on short image sequences},
  author={Klaus H{\"a}ming and Gabriele Peters},
  journal={Kybernetika},
  year={2010},
  volume={46},
  pages={926-937}
}


@article{Groueix_2018,
   title={A Papier-Mache Approach to Learning 3D Surface Generation},
   ISBN={9781538664209},
   url={http://dx.doi.org/10.1109/CVPR.2018.00030},
   DOI={10.1109/cvpr.2018.00030},
   journal={2018 IEEE/CVF Conference on Computer Vision and Pattern Recognition},
   publisher={IEEE},
   author={Groueix, Thibault and Fisher, Matthew and Kim, Vladimir G. and Russell, Bryan C. and Aubry, Mathieu},
   year={2018},
   month={Jun}
}


@article{Kar_2015,
   title={Category-specific object reconstruction from a single image},
   ISBN={9781467369640},
   url={http://dx.doi.org/10.1109/CVPR.2015.7298807},
   DOI={10.1109/cvpr.2015.7298807},
   journal={2015 IEEE Conference on Computer Vision and Pattern Recognition (CVPR)},
   publisher={IEEE},
   author={Kar, Abhishek and Tulsiani, Shubham and Carreira, Joao and Malik, Jitendra},
   year={2015},
   month={Jun}
}

@article{DBLP:journals/corr/abs-1905-05393,
  author    = {Daniel Ho and
               Eric Liang and
               Ion Stoica and
               Pieter Abbeel and
               Xi Chen},
  title     = {Population Based Augmentation: Efficient Learning of Augmentation
               Policy Schedules},
  journal   = {CoRR},
  volume    = {abs/1905.05393},
  year      = {2019},
  url       = {http://arxiv.org/abs/1905.05393},
  archivePrefix = {arXiv},
  eprint    = {1905.05393},
  timestamp = {Tue, 28 May 2019 12:48:08 +0200},
  biburl    = {https://dblp.org/rec/journals/corr/abs-1905-05393.bib},
  bibsource = {dblp computer science bibliography, https://dblp.org}
}
@article{article,
author = {Lafarge, Florent and Mallet, Clément},
year = {2012},
month = {08},
pages = {},
title = {Creating Large-Scale City Models from 3D-Point Clouds: A Robust Approach with Hybrid Representation},
volume = {99},
journal = {International Journal of Computer Vision},
doi = {10.1007/s11263-012-0517-8}
}

@article{He_2016,
   title={Deep Residual Learning for Image Recognition},
   ISBN={9781467388511},
   url={http://dx.doi.org/10.1109/cvpr.2016.90},
   DOI={10.1109/cvpr.2016.90},
   journal={2016 IEEE Conference on Computer Vision and Pattern Recognition (CVPR)},
   publisher={IEEE},
   author={He, Kaiming and Zhang, Xiangyu and Ren, Shaoqing and Sun, Jian},
   year={2016},
   month={Jun}
}

@inproceedings{tatarchenko2019single,
  title={What Do Single-view 3D Reconstruction Networks Learn?},
  author={Tatarchenko, Maxim and Richter, Stephan R and Ranftl, Ren{\'e} and Li, Zhuwen and Koltun, Vladlen and Brox, Thomas},
  booktitle={Proceedings of the IEEE Conference on Computer Vision and Pattern Recognition},
  pages={3405--3414},
  year={2019}
}

@article{li2018point,
  title={Point cloud gan},
  author={Li, Chun-Liang and Zaheer, Manzil and Zhang, Yang and Poczos, Barnabas and Salakhutdinov, Ruslan},
  journal={arXiv preprint arXiv:1810.05795},
  year={2018}
}

@inproceedings{park2019deepsdf,
  title={Deepsdf: Learning continuous signed distance functions for shape representation},
  author={Park, Jeong Joon and Florence, Peter and Straub, Julian and Newcombe, Richard and Lovegrove, Steven},
  booktitle={Proceedings of the IEEE Conference on Computer Vision and Pattern Recognition},
  pages={165--174},
  year={2019}
}

@inproceedings{fan2017point,
  title={A point set generation network for 3d object reconstruction from a single image},
  author={Fan, Haoqiang and Su, Hao and Guibas, Leonidas J},
  booktitle={Proceedings of the IEEE conference on computer vision and pattern recognition},
  pages={605--613},
  year={2017}
}

@inproceedings{tatarchenko2017octree,
  title={Octree generating networks: Efficient convolutional architectures for high-resolution 3d outputs},
  author={Tatarchenko, Maxim and Dosovitskiy, Alexey and Brox, Thomas},
  booktitle={Proceedings of the IEEE International Conference on Computer Vision},
  pages={2088--2096},
  year={2017}
}

@inproceedings{groueix2018papier,
  title={A papier-m{\^a}ch{\'e} approach to learning 3d surface generation},
  author={Groueix, Thibault and Fisher, Matthew and Kim, Vladimir G and Russell, Bryan C and Aubry, Mathieu},
  booktitle={Proceedings of the IEEE conference on computer vision and pattern recognition},
  pages={216--224},
  year={2018}
}

@inproceedings{wang2018pixel2mesh,
  title={Pixel2mesh: Generating 3d mesh models from single rgb images},
  author={Wang, Nanyang and Zhang, Yinda and Li, Zhuwen and Fu, Yanwei and Liu, Wei and Jiang, Yu-Gang},
  booktitle={Proceedings of the European Conference on Computer Vision (ECCV)},
  pages={52--67},
  year={2018}
}

@article{chang2015shapenet,
  title={Shapenet: An information-rich 3d model repository},
  author={Chang, Angel X and Funkhouser, Thomas and Guibas, Leonidas and Hanrahan, Pat and Huang, Qixing and Li, Zimo and Savarese, Silvio and Savva, Manolis and Song, Shuran and Su, Hao and others},
  journal={arXiv preprint arXiv:1512.03012},
  year={2015}
}

@inproceedings{sun2018pix3d,
  title={Pix3d: Dataset and methods for single-image 3d shape modeling},
  author={Sun, Xingyuan and Wu, Jiajun and Zhang, Xiuming and Zhang, Zhoutong and Zhang, Chengkai and Xue, Tianfan and Tenenbaum, Joshua B and Freeman, William T},
  booktitle={Proceedings of the IEEE Conference on Computer Vision and Pattern Recognition},
  pages={2974--2983},
  year={2018}
}

@inproceedings{lin2018learning,
  title={Learning efficient point cloud generation for dense 3d object reconstruction},
  author={Lin, Chen-Hsuan and Kong, Chen and Lucey, Simon},
  booktitle={Thirty-Second AAAI Conference on Artificial Intelligence},
  year={2018}
}

@article{mandikal20183d,
  title={3D-LMNet: Latent embedding matching for accurate and diverse 3D point cloud reconstruction from a single image},
  author={Mandikal, Priyanka and Navaneet, KL and Agarwal, Mayank and Babu, R Venkatesh},
  journal={arXiv preprint arXiv:1807.07796},
  year={2018}
}

@inproceedings{kato2018neural,
  title={Neural 3d mesh renderer},
  author={Kato, Hiroharu and Ushiku, Yoshitaka and Harada, Tatsuya},
  booktitle={Proceedings of the IEEE Conference on Computer Vision and Pattern Recognition},
  pages={3907--3916},
  year={2018}
}

@inproceedings{insafutdinov2018unsupervised,
  title={Unsupervised learning of shape and pose with differentiable point clouds},
  author={Insafutdinov, Eldar and Dosovitskiy, Alexey},
  booktitle={Advances in neural information processing systems},
  pages={2802--2812},
  year={2018}
}

@inproceedings{pontes2018image2mesh,
  title={Image2mesh: A learning framework for single image 3d reconstruction},
  author={Pontes, Jhony K and Kong, Chen and Sridharan, Sridha and Lucey, Simon and Eriksson, Anders and Fookes, Clinton},
  booktitle={Asian Conference on Computer Vision},
  pages={365--381},
  year={2018},
  organization={Springer}
}

@inproceedings{gwak2017weakly,
  title={Weakly supervised 3d reconstruction with adversarial constraint},
  author={Gwak, JunYoung and Choy, Christopher B and Chandraker, Manmohan and Garg, Animesh and Savarese, Silvio},
  booktitle={2017 International Conference on 3D Vision (3DV)},
  pages={263--272},
  year={2017},
  organization={IEEE}
}

@article{li2018single,
  title={Single-view Object Shape Reconstruction Using Deep Shape Prior and Silhouette},
  author={Li, Kejie and Garg, Ravi and Cai, Ming and Reid, Ian},
  journal={arXiv preprint arXiv:1811.11921},
  year={2018}
}

@article{sung2017complementme,
  title={Complementme: weakly-supervised component suggestions for 3D modeling},
  author={Sung, Minhyuk and Su, Hao and Kim, Vladimir G and Chaudhuri, Siddhartha and Guibas, Leonidas},
  journal={ACM Transactions on Graphics (TOG)},
  volume={36},
  number={6},
  pages={1--12},
  year={2017},
  publisher={ACM New York, NY, USA}
}

@inproceedings{kong2017using,
  title={Using locally corresponding CAD models for dense 3D reconstructions from a single image},
  author={Kong, Chen and Lin, Chen-Hsuan and Lucey, Simon},
  booktitle={Proceedings of the IEEE conference on computer vision and pattern recognition},
  pages={4857--4865},
  year={2017}
}

@inproceedings{yan2016perspective,
  title={Perspective transformer nets: Learning single-view 3d object reconstruction without 3d supervision},
  author={Yan, Xinchen and Yang, Jimei and Yumer, Ersin and Guo, Yijie and Lee, Honglak},
  booktitle={Advances in neural information processing systems},
  pages={1696--1704},
  year={2016}
}

@article{wiles2017silnet,
  title={Silnet: Single-and multi-view reconstruction by learning from silhouettes},
  author={Wiles, Olivia and Zisserman, Andrew},
  journal={arXiv preprint arXiv:1711.07888},
  year={2017}
}

@inproceedings{sinha2017surfnet,
  title={Surfnet: Generating 3d shape surfaces using deep residual networks},
  author={Sinha, Ayan and Unmesh, Asim and Huang, Qixing and Ramani, Karthik},
  booktitle={Proceedings of the IEEE conference on computer vision and pattern recognition},
  pages={6040--6049},
  year={2017}
}

@inproceedings{kurenkov2018deformnet,
  title={Deformnet: Free-form deformation network for 3d shape reconstruction from a single image},
  author={Kurenkov, Andrey and Ji, Jingwei and Garg, Animesh and Mehta, Viraj and Gwak, JunYoung and Choy, Christopher and Savarese, Silvio},
  booktitle={2018 IEEE Winter Conference on Applications of Computer Vision (WACV)},
  pages={858--866},
  year={2018},
  organization={IEEE}
}

@inproceedings{wu2017marrnet,
  title={Marrnet: 3d shape reconstruction via 2.5 d sketches},
  author={Wu, Jiajun and Wang, Yifan and Xue, Tianfan and Sun, Xingyuan and Freeman, Bill and Tenenbaum, Josh},
  booktitle={Advances in neural information processing systems},
  pages={540--550},
  year={2017}
}

@inproceedings{zhang2018learning,
  title={Learning to reconstruct shapes from unseen classes},
  author={Zhang, Xiuming and Zhang, Zhoutong and Zhang, Chengkai and Tenenbaum, Josh and Freeman, Bill and Wu, Jiajun},
  booktitle={Advances in Neural Information Processing Systems},
  pages={2257--2268},
  year={2018}
}

@inproceedings{kanazawa2018learning,
  title={Learning category-specific mesh reconstruction from image collections},
  author={Kanazawa, Angjoo and Tulsiani, Shubham and Efros, Alexei A and Malik, Jitendra},
  booktitle={Proceedings of the European Conference on Computer Vision (ECCV)},
  pages={371--386},
  year={2018}
}

@inproceedings{tulsiani2017multi,
  title={Multi-view supervision for single-view reconstruction via differentiable ray consistency},
  author={Tulsiani, Shubham and Zhou, Tinghui and Efros, Alexei A and Malik, Jitendra},
  booktitle={Proceedings of the IEEE conference on computer vision and pattern recognition},
  pages={2626--2634},
  year={2017}
}

@article{sun2018pointgrow,
  title={Pointgrow: Autoregressively learned point cloud generation with self-attention},
  author={Sun, Yongbin and Wang, Yue and Liu, Ziwei and Siegel, Joshua E and Sarma, Sanjay E},
  journal={arXiv preprint arXiv:1810.05591},
  year={2018}
}

@article{zhang2019data,
  title={Data-Driven Point cloud objects completion},
  author={Zhang, Yang and Liu, Zhen and Li, Xiang and Zang, Yu},
  journal={Sensors},
  volume={19},
  number={7},
  pages={1514},
  year={2019},
  publisher={Multidisciplinary Digital Publishing Institute}
}

@inproceedings{shin2018pixels,
  title={Pixels, voxels, and views: A study of shape representations for single view 3d object shape prediction},
  author={Shin, Daeyun and Fowlkes, Charless C and Hoiem, Derek},
  booktitle={Proceedings of the IEEE conference on computer vision and pattern recognition},
  pages={3061--3069},
  year={2018}
}

@inproceedings{wu2018learning,
  title={Learning shape priors for single-view 3d completion and reconstruction},
  author={Wu, Jiajun and Zhang, Chengkai and Zhang, Xiuming and Zhang, Zhoutong and Freeman, William T and Tenenbaum, Joshua B},
  booktitle={Proceedings of the European Conference on Computer Vision (ECCV)},
  pages={646--662},
  year={2018}
}

@article{henderson2018learning,
  title={Learning to generate and reconstruct 3d meshes with only 2d supervision},
  author={Henderson, Paul and Ferrari, Vittorio},
  journal={arXiv preprint arXiv:1807.09259},
  year={2018}
}

@inproceedings{novotny2017learning,
  title={Learning 3d object categories by looking around them},
  author={Novotny, David and Larlus, Diane and Vedaldi, Andrea},
  booktitle={Proceedings of the IEEE International Conference on Computer Vision},
  pages={5218--5227},
  year={2017}
}

@inproceedings{kar2015category,
  title={Category-specific object reconstruction from a single image},
  author={Kar, Abhishek and Tulsiani, Shubham and Carreira, Joao and Malik, Jitendra},
  booktitle={Proceedings of the IEEE conference on computer vision and pattern recognition},
  pages={1966--1974},
  year={2015}
}

@inproceedings{yang20173d,
  title={3d object reconstruction from a single depth view with adversarial learning},
  author={Yang, Bo and Wen, Hongkai and Wang, Sen and Clark, Ronald and Markham, Andrew and Trigoni, Niki},
  booktitle={Proceedings of the IEEE International Conference on Computer Vision Workshops},
  pages={679--688},
  year={2017}
}

@inproceedings{niu2018im2struct,
  title={Im2struct: Recovering 3d shape structure from a single rgb image},
  author={Niu, Chengjie and Li, Jun and Xu, Kai},
  booktitle={Proceedings of the IEEE conference on computer vision and pattern recognition},
  pages={4521--4529},
  year={2018}
}

@inproceedings{wu2016learning,
  title={Learning a probabilistic latent space of object shapes via 3d generative-adversarial modeling},
  author={Wu, Jiajun and Zhang, Chengkai and Xue, Tianfan and Freeman, Bill and Tenenbaum, Josh},
  booktitle={Advances in neural information processing systems},
  pages={82--90},
  year={2016}
}

@inproceedings{girdhar2016learning,
  title={Learning a predictable and generative vector representation for objects},
  author={Girdhar, Rohit and Fouhey, David F and Rodriguez, Mikel and Gupta, Abhinav},
  booktitle={European Conference on Computer Vision},
  pages={484--499},
  year={2016},
  organization={Springer}
}

@inproceedings{choy20163d,
  title={3d-r2n2: A unified approach for single and multi-view 3d object reconstruction},
  author={Choy, Christopher B and Xu, Danfei and Gwak, JunYoung and Chen, Kevin and Savarese, Silvio},
  booktitle={European conference on computer vision},
  pages={628--644},
  year={2016},
  organization={Springer}
}

@inproceedings{richter2018matryoshka,
  title={Matryoshka networks: Predicting 3d geometry via nested shape layers},
  author={Richter, Stephan R and Roth, Stefan},
  booktitle={Proceedings of the IEEE conference on computer vision and pattern recognition},
  pages={1936--1944},
  year={2018}
}

@inproceedings{oliva2013distribution,
  title={Distribution to distribution regression},
  author={Oliva, Junier and P{\'o}czos, Barnab{\'a}s and Schneider, Jeff},
  booktitle={International Conference on Machine Learning},
  pages={1049--1057},
  year={2013}
}

@article{poczos2013distribution,
  title={Distribution-free distribution regression},
  author={P{\'o}czos, Barnab{\'a}s and Rinaldo, Alessandro and Singh, Aarti and Wasserman, Larry},
  year={2013},
  publisher={Carnegie Mellon University}
}


@inproceedings{arpit2017closer,
  title={A closer look at memorization in deep networks},
  author={Arpit, Devansh and Jastrz{\k{e}}bski, Stanis{\l}aw and Ballas, Nicolas and Krueger, David and Bengio, Emmanuel and Kanwal, Maxinder S and Maharaj, Tegan and Fischer, Asja and Courville, Aaron and Bengio, Yoshua and others},
  booktitle={Proceedings of the 34th International Conference on Machine Learning-Volume 70},
  pages={233--242},
  year={2017},
  organization={JMLR. org}
}

@article{newman2006modularity,
  title={Modularity and community structure in networks},
  author={Newman, Mark EJ},
  journal={Proceedings of the national academy of sciences},
  volume={103},
  number={23},
  pages={8577--8582},
  year={2006},
  publisher={National Acad Sciences}
}

@article{opsahl2009clustering,
  title={Clustering in weighted networks},
  author={Opsahl, Tore and Panzarasa, Pietro},
  journal={Social networks},
  volume={31},
  number={2},
  pages={155--163},
  year={2009},
  publisher={Elsevier}
}

@INPROCEEDINGS{7780459,
author={K. {He} and X. {Zhang} and S. {Ren} and J. {Sun}},
booktitle={2016 IEEE Conference on Computer Vision and Pattern Recognition (CVPR)},
title={Deep Residual Learning for Image Recognition},
year={2016},
volume={},
number={},
pages={770-778},
keywords={image classification;learning (artificial intelligence);neural nets;object detection;COCO segmentation;ImageNet localization;ILSVRC & COCO 2015 competitions;deep residual nets;COCO object detection dataset;visual recognition tasks;CIFAR-10;ILSVRC 2015 classification task;ImageNet test set;VGG nets;residual nets;ImageNet dataset;residual function learning;deeper neural network training;image recognition;deep residual learning;Training;Degradation;Complexity theory;Image recognition;Neural networks;Visualization;Image segmentation},
doi={10.1109/CVPR.2016.90},
ISSN={1063-6919},
month={June},}

@inproceedings{yang2018foldingnet,
  title={Foldingnet: Point cloud auto-encoder via deep grid deformation},
  author={Yang, Yaoqing and Feng, Chen and Shen, Yiru and Tian, Dong},
  booktitle={Proceedings of the IEEE Conference on Computer Vision and Pattern Recognition},
  pages={206--215},
  year={2018}
}

@inproceedings{tulsiani2017learning,
  title={Learning shape abstractions by assembling volumetric primitives},
  author={Tulsiani, Shubham and Su, Hao and Guibas, Leonidas J and Efros, Alexei A and Malik, Jitendra},
  booktitle={Proceedings of the IEEE Conference on Computer Vision and Pattern Recognition},
  pages={2635--2643},
  year={2017}
}

@inproceedings{yang2019pointflow,
  title={Pointflow: 3d point cloud generation with continuous normalizing flows},
  author={Yang, Guandao and Huang, Xun and Hao, Zekun and Liu, Ming-Yu and Belongie, Serge and Hariharan, Bharath},
  booktitle={Proceedings of the IEEE International Conference on Computer Vision},
  pages={4541--4550},
  year={2019}
}

@article{achlioptas2017learning,
  title={Learning representations and generative models for 3d point clouds},
  author={Achlioptas, Panos and Diamanti, Olga and Mitliagkas, Ioannis and Guibas, Leonidas},
  journal={arXiv preprint arXiv:1707.02392},
  year={2017}
}

@article{knapitsch2017tanks,
  title={Tanks and temples: Benchmarking large-scale scene reconstruction},
  author={Knapitsch, Arno and Park, Jaesik and Zhou, Qian-Yi and Koltun, Vladlen},
  journal={ACM Transactions on Graphics (ToG)},
  volume={36},
  number={4},
  pages={1--13},
  year={2017},
  publisher={ACM New York, NY, USA}
}

@article{wang2008adaptive,
  title={Adaptive affinity propagation clustering},
  author={Wang, Kaijun and Zhang, Junying and Li, Dan and Zhang, Xinna and Guo, Tao},
  journal={arXiv preprint arXiv:0805.1096},
  year={2008}
}

@article{van2015using,
  title={Using internal validity measures to compare clustering algorithms},
  author={Van Craenendonck, Toon and Blockeel, Hendrik},
  journal={Benelearn 2015 Poster presentations (online)},
  pages={1--8},
  year={2015}
}

@article{kingma2014adam,
  title={Adam: A method for stochastic optimization},
  author={Kingma, Diederik P and Ba, Jimmy},
  journal={arXiv preprint arXiv:1412.6980},
  year={2014}
}

@article{Yi2017LargeScale3S,
  title={Large-Scale 3D Shape Reconstruction and Segmentation from ShapeNet Core55},
  author={Li Yi and Lin Shao and Manolis Savva and Haibin Huang and Yang Zhou and Qirui Wang and Benjamin Graham and Martin Engelcke and Roman Klokov and Victor S. Lempitsky and Yuan Gan and Pengyu Wang and Kun Liu and Fenggen Yu and Panpan Shui and Bingyang Hu and Yan Zhang and Yangyan Li and Rui Bu and Mingchao Sun and Wei Wu and Minki Jeong and Jaehoon Choi and Changick Kim and Angom Geetchandra and Narasimha Murthy and Bhargava Ramu and Bharadwaj Manda and M. Ramanathan and Gautam Kumar and P. Preetham and Siddharth Srivastava and Swati Bhugra and Brejesh Lall and Christian H{\"a}ne and Shubham Tulsiani and Jitendra Malik and Jared Lafer and Ramsey Jones and Siyuan Li and Jie Lu and Shi Jin and Jingyi Yu and Qi-Xing Huang and Evangelos Kalogerakis and Silvio Savarese and Pat Hanrahan and Thomas A. Funkhouser and Hao Su and Leonidas J. Guibas},
  journal={ArXiv},
  year={2017},
  volume={abs/1710.06104}
}

@article{10.1145/2816795.2818071,
author = {Li, Yangyan and Su, Hao and Qi, Charles Ruizhongtai and Fish, Noa and Cohen-Or, Daniel and Guibas, Leonidas J.},
title = {Joint Embeddings of Shapes and Images via CNN Image Purification},
year = {2015},
issue_date = {November 2015},
publisher = {Association for Computing Machinery},
address = {New York, NY, USA},
volume = {34},
number = {6},
issn = {0730-0301},
url = {https://doi.org/10.1145/2816795.2818071},
doi = {10.1145/2816795.2818071},
journal = {ACM Trans. Graph.},
month = oct,
articleno = {234},
numpages = {12},
keywords = {3D shapes, deep learning, embedding}
}

